
@DocuShare{DESC,
   author = {Collaboration},
    title = {The LSST DESC DC2 Simulated Sky Survey},
     year = 2020,
    month = Oct,
   handle = {DESC},
      url = {https://arxiv.org/pdf/2010.05926.pdf}}


@DocuShare{PanDA,
   author = {PanDA},
    title = {Production and Distributed Analysis},
     year = 2021,
    month = Jan,
   handle = {PanDA},
      url = {https://panda-wms.readthedocs.io/en/latest } }


